<collection xmlns="http://www.loc.gov/MARC21/slim">
<record>
  <leader>01956nam0a22003131i 450 </leader>
  <controlfield tag="001">IT\ICCU\CNCE\069609</controlfield>
  <controlfield tag="005">20131203000000.0</controlfield>
  <datafield tag="012" ind1=" " ind2=" ">
    <subfield code="a">t.s. t.o- n.us a.tu (S) 1520 (Q)</subfield>
    <subfield code="2">fei</subfield>
  </datafield>
  <datafield tag="100" ind1=" " ind2=" ">
    <subfield code="a">20070127f1520        0itac0103    ba</subfield>
  </datafield>
  <datafield tag="101" ind1=" " ind2=" ">
    <subfield code="a">LAT</subfield>
  </datafield>
  <datafield tag="102" ind1=" " ind2=" ">
    <subfield code="a">IT</subfield>
  </datafield>
  <datafield tag="200" ind1="1" ind2=" ">
    <subfield code="a">Consensu egregii viri Siluii Taxoni Mutinensis v.v. artistarum &amp; medicorum almi Bononiensis Studii progymnasiarchae magnifici Ioannes Lopgenius Soranus philosophiae ac sacrosanctae medicinae alumnorum minimus. Die  praesentis mensis Martii immediate postconsuete campane sonum subnexas conclusiones Deo ... auspice: pro uirili sua sustentare conabitur: praesidente doctissimo censore d. Ludouico ab Ore Ferreo ...</subfield>
  </datafield>
  <datafield tag="210" ind1=" " ind2=" ">
    <subfield code="d">\1520!</subfield>
  </datafield>
  <datafield tag="215" ind1=" " ind2=" ">
    <subfield code="a">1 manifesto</subfield>
    <subfield code="d">atl</subfield>
  </datafield>
  <datafield tag="300" ind1=" " ind2=" ">
    <subfield code="a">Tesi dei lettori dello Studio bolognese. Discussione: venerd 30 marzo. - Stampata a Bologna da Giustiniano da Rubiera. Cfr.: A. Serra Zanetti, L&apos;arte della stampa in Bologna nel primo ventennio del Cinquecento, p. 274</subfield>
  </datafield>
  <datafield tag="620" ind1=" " ind2=" ">
    <subfield code="a">IT</subfield>
    <subfield code="d">Bologna</subfield>
  </datafield>
  <datafield tag="700" ind1=" " ind2="1">
    <subfield code="a">Lopgenio,</subfield>
    <subfield code="b">Giovanni</subfield>
    <subfield code="3">IT\ICCU\CNCA\027645</subfield>
  </datafield>
  <datafield tag="702" ind1=" " ind2="1">
    <subfield code="a">Boccadiferro,</subfield>
    <subfield code="b">Lodovico</subfield>
    <subfield code="3">IT\ICCU\CNCA\001782</subfield>
  </datafield>
  <datafield tag="712" ind1="0" ind2="2">
    <subfield code="a">Giustiniano da Rubiera</subfield>
    <subfield code="3">IT\ICCU\CNCT\000178</subfield>
    <subfield code="4">650</subfield>
  </datafield>
  <datafield tag="790" ind1=" " ind2="1">
    <subfield code="a">Lobgenio,</subfield>
    <subfield code="b">Giovanni</subfield>
    <subfield code="3">IT\ICCU\CNCA\027646</subfield>
    <subfield code="z">Lopgenio, Giovanni</subfield>
  </datafield>
  <datafield tag="790" ind1=" " ind2="1">
    <subfield code="a">Buccaferreus,</subfield>
    <subfield code="b">Ludovicus</subfield>
    <subfield code="3">IT\ICCU\CNCA\012726</subfield>
    <subfield code="z">Boccadiferro, Lodovico</subfield>
  </datafield>
  <datafield tag="790" ind1=" " ind2="1">
    <subfield code="a">Ab Ore Ferreo,</subfield>
    <subfield code="b">Ludouicus</subfield>
    <subfield code="3">IT\ICCU\CNCA\027720</subfield>
    <subfield code="z">Boccadiferro, Lodovico</subfield>
  </datafield>
  <datafield tag="791" ind1="0" ind2="2">
    <subfield code="a">Iustinianus Leonardi Ruberiensis</subfield>
    <subfield code="3">IT\ICCU\CNCT\002726</subfield>
    <subfield code="z">Giustiniano da Rubiera</subfield>
  </datafield>
  <datafield tag="791" ind1="0" ind2="0">
    <subfield code="a">Rubiera, Giustiniano da</subfield>
    <subfield code="3">IT\ICCU\CNCT\003827</subfield>
    <subfield code="z">Giustiniano da Rubiera</subfield>
  </datafield>
  <datafield tag="791" ind1="0" ind2="0">
    <subfield code="a">Heriberia, Iustinianus de</subfield>
    <subfield code="3">IT\ICCU\CNCT\004942</subfield>
    <subfield code="z">Giustiniano da Rubiera</subfield>
  </datafield>
  <datafield tag="791" ind1="0" ind2="0">
    <subfield code="a">Ruberiensis, Iustinianus</subfield>
    <subfield code="3">IT\ICCU\CNCT\004943</subfield>
    <subfield code="z">Giustiniano da Rubiera</subfield>
  </datafield>
  <datafield tag="791" ind1="0" ind2="0">
    <subfield code="a">Ruberia, Iustiniano de</subfield>
    <subfield code="3">IT\ICCU\CNCT\004947</subfield>
    <subfield code="z">Giustiniano da Rubiera</subfield>
  </datafield>
  <datafield tag="801" ind1=" " ind2="3">
    <subfield code="a">IT</subfield>
    <subfield code="b">ICCU</subfield>
    <subfield code="c">20201115</subfield>
  </datafield>
  <datafield tag="899" ind1=" " ind2=" ">
    <subfield code="a">Archivio di Stato di Bologna. Bologna</subfield>
    <subfield code="1">BO0514</subfield>
    <subfield code="2">ZBO 24</subfield>
  </datafield>
</record>
</collection>
